%%%%%%%%%%%%%%%%%%%%%%%%%%%%%%%%%%%%%%
%%  Vorlage einer Bibtex Datenbank  %%
%%%%%%%%%%%%%%%%%%%%%%%%%%%%%%%%%%%%%%

@Article{Autor1:02,
  author    = { Tuochaolong Zhang  },
  title     = { Titel des Artikels },
  journal   = { Journalname        },
  year      = { 2002               },
  volume    = { 74                 },
  pages     = { 241--248           }
}




